<record xmlns="http://www.loc.gov/MARC21/slim">
   <leader>05531cam a2200541 i 4500</leader>
   <controlfield tag="001">6815570</controlfield>
   <controlfield tag="003">OCoLC</controlfield>
   <controlfield tag="005">20150220153955.0</controlfield>
   <controlfield tag="008">140520t20152015enk      b    001 0 eng  </controlfield>
   <datafield ind1=" " ind2=" " tag="010">
      <subfield code="a">  2014020056</subfield>
   </datafield>
   <datafield ind1=" " ind2=" " tag="015">
      <subfield code="a">GBB4C4487</subfield>
      <subfield code="2">bnb</subfield>
   </datafield>
   <datafield ind1=" " ind2=" " tag="015">
      <subfield code="a">GBB287606</subfield>
      <subfield code="2">bnb</subfield>
   </datafield>
   <datafield ind1="7" ind2=" " tag="016">
      <subfield code="a">016933358</subfield>
      <subfield code="2">Uk</subfield>
   </datafield>
   <datafield ind1=" " ind2=" " tag="020">
      <subfield code="a">9780415668170 (hardback)</subfield>
   </datafield>
   <datafield ind1=" " ind2=" " tag="020">
      <subfield code="a">0415668174 (hardback)</subfield>
   </datafield>
   <datafield ind1=" " ind2=" " tag="020">
      <subfield code="z">9780203796047 (e-book)</subfield>
   </datafield>
   <datafield ind1=" " ind2=" " tag="020">
      <subfield code="z">0203796047 (e-book)</subfield>
   </datafield>
   <datafield ind1=" " ind2=" " tag="035">
      <subfield code="a">ocn880418905</subfield>
   </datafield>
   <datafield ind1=" " ind2=" " tag="040">
      <subfield code="a">DLC</subfield>
      <subfield code="b">eng</subfield>
      <subfield code="e">rda</subfield>
      <subfield code="c">DLC</subfield>
      <subfield code="d">OCLCO</subfield>
      <subfield code="d">BDX</subfield>
      <subfield code="d">OCLCF</subfield>
      <subfield code="d">YDXCP</subfield>
      <subfield code="d">UKMGB</subfield>
      <subfield code="d">GWL</subfield>
      <subfield code="d">CLU</subfield>
      <subfield code="d">NLGGC</subfield>
      <subfield code="d">RCJ</subfield>
      <subfield code="d">MUQ</subfield>
      <subfield code="d">PUL</subfield>
      <subfield code="d">STF</subfield>
      <subfield code="d">OCL</subfield>
      <subfield code="d">UAB</subfield>
      <subfield code="d">AEU</subfield>
   </datafield>
   <datafield ind1=" " ind2=" " tag="042">
      <subfield code="a">pcc</subfield>
   </datafield>
   <datafield ind1=" " ind2=" " tag="043">
      <subfield code="a">n-us---</subfield>
      <subfield code="a">nwcu---</subfield>
   </datafield>
   <datafield ind1="0" ind2="0" tag="050">
      <subfield code="a">KZ6373</subfield>
      <subfield code="b">.W47 2015</subfield>
   </datafield>
   <datafield ind1="0" ind2="0" tag="082">
      <subfield code="a">341.5/82</subfield>
      <subfield code="2">23</subfield>
   </datafield>
   <datafield ind1=" " ind2=" " tag="084">
      <subfield code="a">BUS023000</subfield>
      <subfield code="a">BUS026000</subfield>
      <subfield code="a">BUS069020</subfield>
      <subfield code="2">bisacsh</subfield>
   </datafield>
   <datafield ind1=" " ind2=" " tag="084">
      <subfield code="a">86.80</subfield>
      <subfield code="2">bcl</subfield>
   </datafield>
   <datafield ind1=" " ind2=" " tag="090">
      <subfield code="a">KZ 6373 W47 2015</subfield>
      <subfield code="b">AEU</subfield>
   </datafield>
   <datafield ind1="1" ind2=" " tag="100">
      <subfield code="a">White, Nigel D.,</subfield>
      <subfield code="d">1961-</subfield>
      <subfield code="e">author.</subfield>
   </datafield>
   <datafield ind1="1" ind2="4" tag="245">
      <subfield code="a">The Cuban embargo under international law :</subfield>
      <subfield code="b">el bloqueo /</subfield>
      <subfield code="c">Nigel D. White.</subfield>
   </datafield>
   <datafield ind1=" " ind2="1" tag="264">
      <subfield code="a">London ;</subfield>
      <subfield code="a">New York :</subfield>
      <subfield code="b">Routledge, Taylor &amp; Francis Group,</subfield>
      <subfield code="c">2015.</subfield>
   </datafield>
   <datafield ind1=" " ind2="4" tag="264">
      <subfield code="c">©2015</subfield>
   </datafield>
   <datafield ind1=" " ind2=" " tag="300">
      <subfield code="a">xiv, 208 pages ;</subfield>
      <subfield code="c">25 cm.</subfield>
   </datafield>
   <datafield ind1=" " ind2=" " tag="336">
      <subfield code="a">text</subfield>
      <subfield code="b">txt</subfield>
      <subfield code="2">rdacontent</subfield>
   </datafield>
   <datafield ind1=" " ind2=" " tag="337">
      <subfield code="a">unmediated</subfield>
      <subfield code="b">n</subfield>
      <subfield code="2">rdamedia</subfield>
   </datafield>
   <datafield ind1=" " ind2=" " tag="338">
      <subfield code="a">volume</subfield>
      <subfield code="b">nc</subfield>
      <subfield code="2">rdacarrier</subfield>
   </datafield>
   <datafield ind1="1" ind2=" " tag="490">
      <subfield code="a">Routledge research in international law</subfield>
   </datafield>
   <datafield ind1=" " ind2=" " tag="500">
      <subfield code="a">Cuba's struggle for independence -- Colonialism, imperialism and pariah states -- Exporting revolution, importing communism -- Self-help and international law -- The Cuban embargo -- Violations, responsibility and remedies -- Legal framework for peaceful settlement -- Concluding remarks on the relevance of international law.</subfield>
   </datafield>
   <datafield ind1=" " ind2=" " tag="504">
      <subfield code="a">Includes bibliographical references (pages 189-195) and index.</subfield>
   </datafield>
   <datafield ind1="0" ind2="0" tag="505">
      <subfield code="t">Cuba's struggle for independence --</subfield>
      <subfield code="t">Colonialism, imperialism and pariah states --</subfield>
      <subfield code="t">Exporting revolution, importing communism --</subfield>
      <subfield code="t">Self-help and international law --</subfield>
      <subfield code="t">The Cuban embargo --</subfield>
      <subfield code="t">Violations, responsibility and remedies --</subfield>
      <subfield code="t">Legal framework for peaceful settlement --</subfield>
      <subfield code="t">Concluding remarks on the relevance of international law.</subfield>
   </datafield>
   <datafield ind1=" " ind2=" " tag="520">
      <subfield code="a">"The book considers fundamental questions about international law and the international order through a detailed examination of the Cuban embargo. The book contains an extensive examination of the history, legality and effects of the US sanctions over the last fifty years. It considers the extent to which the US authorities have enforced the embargo's letter of the law, the impact on Cuba and an evaluation of the Cuban response to the embargo. The Cuban embargo will be examined alongside other major disruptive conflicts of the 20th and 21st centuries, including the Cuban Missile Crisis; sanctions against Rhodesia; the Arab Oil Embargo; sanctions against and the invasion of Iraq; sanctions against Burma, Iran and North Korea. Through an analysis of these conflicts it traces the development of non-forcible reprisals, sanctions, counter-measures and embargoes in history and specifically as a means of enforcement of international law. The book asks crucial questions about the importance and function of international law in the modern era, including its very existence. Nigel White argues that the illegality of the embargo and the fact it has not been curbed or even fully confronted by the rest of the world has resulted in a fifty-year toleration of what appears to be a serious violation of international law which has made it very difficult to identify when sanctions are lawful or not. The book offers a valuable reference point for scholars, experts and interested parties seeking understand this long-running dispute; but will also appeal more widely to those interested in the functioning and future of international law and international relations"--</subfield>
      <subfield code="c">Provided by publisher.</subfield>
   </datafield>
   <datafield ind1=" " ind2=" " tag="520">
      <subfield code="a">"The United States embargo against Cuba was imposed as a response to Cuba's new revolutionary government's seizure of US properties which was viewed as an international law violation. However, while sanctions are usually seen as legitimate means of enforcing established norms, the Cuban embargo itself appears to be the wrongful act, and its persistence puts into question the importance and function of international law. This book examines the history, legality and effects of the US sanctions over the last fifty years. Nigel D. White argues that the Cuban embargo has become a matter of politics and ideology; subject to apparently illegitimate coercion that has resulted in a fifty-year global toleration of what appears to be a serious violation of international law. The book demonstrates how the Cuban embargo undermines the use of sanctions world-wide, and asks whether the refusal of world governments to address the illegality of the embargo reduces international law to tokenism where concepts of sovereign equality and non-intervention are no longer a priority. As a fierce evaluation of international law through the story of a country under siege, this book will be of great interest and use to researchers and students of public international law, international relations, and US and Latin American politics"--</subfield>
      <subfield code="c">Provided by publisher.</subfield>
   </datafield>
   <datafield ind1=" " ind2=" " tag="596">
      <subfield code="a">45</subfield>
   </datafield>
   <datafield ind1=" " ind2="0" tag="650">
      <subfield code="a">Sanctions (International law)</subfield>
   </datafield>
   <datafield ind1=" " ind2="0" tag="650">
      <subfield code="a">Economic sanctions, American</subfield>
      <subfield code="z">Cuba.</subfield>
   </datafield>
   <datafield ind1=" " ind2="0" tag="650">
      <subfield code="a">Embargo</subfield>
      <subfield code="z">Cuba.</subfield>
   </datafield>
   <datafield ind1=" " ind2="0" tag="651">
      <subfield code="a">United States</subfield>
      <subfield code="x">Foreign relations.</subfield>
   </datafield>
   <datafield ind1=" " ind2="0" tag="830">
      <subfield code="a">Routledge research in international law.</subfield>
   </datafield>
   <datafield ind1=" " ind2=" " tag="949">
      <subfield code="a">KZ 6373 W47 2015</subfield>
      <subfield code="h">UALA-B</subfield>
      <subfield code="i">0162035248358</subfield>
   </datafield>
   <datafield ind1=" " ind2=" " tag="926">
      <subfield code="a">KZ 6373 W47 2015</subfield>
      <subfield code="w">LC</subfield>
      <subfield code="c">1</subfield>
      <subfield code="i">0162035248358</subfield>
      <subfield code="l">ON_SHELF</subfield>
      <subfield code="m">UALAW</subfield>
      <subfield code="p">$150.00</subfield>
      <subfield code="r">Y</subfield>
      <subfield code="s">Y</subfield>
      <subfield code="t">BOOK</subfield>
      <subfield code="u">3/4/2015</subfield>
   </datafield>
</record>
